@book{haykin1994neural,
  title={Neural networks: a comprehensive foundation},
  author={Haykin, Simon},
  year={1994},
  publisher={Prentice Hall PTR}
}

@article{mikolov2013efficient,
  title={Efficient estimation of word representations in vector space},
  author={Mikolov, Tomas and Chen, Kai and Corrado, Greg and Dean, Jeffrey},
  journal={arXiv preprint arXiv:1301.3781},
  year={2013}
}

@article{bengio2000neural,
  title={A neural probabilistic language model},
  author={Bengio, Yoshua and Ducharme, R{\'e}jean and Vincent, Pascal},
  journal={Advances in neural information processing systems},
  volume={13},
  year={2000}
}

@article{hochreiter1997long,
  title={Long short-term memory},
  author={Hochreiter, Sepp and Schmidhuber, J{\"u}rgen},
  journal={Neural computation},
  volume={9},
  number={8},
  pages={1735--1780},
  year={1997},
  publisher={MIT press}
}

@misc{cho2014learning,
      title={Learning Phrase Representations using RNN Encoder-Decoder for Statistical Machine Translation}, 
      author={Kyunghyun Cho and Bart van Merrienboer and Caglar Gulcehre and Dzmitry Bahdanau and Fethi Bougares and Holger Schwenk and Yoshua Bengio},
      year={2014},
      eprint={1406.1078},
      archivePrefix={arXiv},
      primaryClass={cs.CL}
}

@article{elman1990finding,
  title={Finding structure in time},
  author={Elman, Jeffrey L},
  journal={Cognitive science},
  volume={14},
  number={2},
  pages={179--211},
  year={1990},
  publisher={Wiley Online Library}
}

@inproceedings{iyyer2015deep,
  title={Deep unordered composition rivals syntactic methods for text classification},
  author={Iyyer, Mohit and Manjunatha, Varun and Boyd-Graber, Jordan and Daum{\'e} III, Hal},
  booktitle={Proceedings of the 53rd annual meeting of the association for computational linguistics and the 7th international joint conference on natural language processing (volume 1: Long papers)},
  pages={1681--1691},
  year={2015}
}

@article{pang2008opinion,
  title={Opinion mining and sentiment analysis},
  author={Pang, Bo and Lee, Lillian and others},
  journal={Foundations and Trends{\textregistered} in information retrieval},
  volume={2},
  number={1--2},
  pages={1--135},
  year={2008},
  publisher={Now Publishers, Inc.}
}

@article{lehmann1977algebraic,
  title={Algebraic structures for transitive closure},
  author={Lehmann, Daniel J},
  journal={Theoretical Computer Science},
  volume={4},
  number={1},
  pages={59--76},
  year={1977},
  publisher={Elsevier}
}

@article{younger1967recognition,
  title={Recognition and parsing of context-free languages in time n3},
  author={Younger, Daniel H},
  journal={Information and control},
  volume={10},
  number={2},
  pages={189--208},
  year={1967},
  publisher={Elsevier}
}

@article{kasami1966efficient,
  title={An efficient recognition and syntax-analysis algorithm for context-free languages},
  author={Kasami, Tadao},
  journal={Coordinated Science Laboratory Report no. R-257},
  year={1966},
  publisher={Coordinated Science Laboratory, University of Illinois at Urbana-Champaign}
}

@book{cocke1969programming,
  title={Programming languages and their compilers: Preliminary notes},
  author={Cocke, John},
  year={1969},
  publisher={New York University}
}

@article{kirchhoff1847ueber,
  title={Ueber die Aufl{\"o}sung der Gleichungen, auf welche man bei der Untersuchung der linearen Vertheilung galvanischer Str{\"o}me gef{\"u}hrt wird},
  author={Kirchhoff, Gustav},
  journal={Annalen der Physik},
  volume={148},
  number={12},
  pages={497--508},
  year={1847},
  publisher={WILEY-VCH Verlag Leipzig}
}

@inproceedings{tutte1948dissection,
  title={The dissection of equilateral triangles into equilateral triangles},
  author={Tutte, William T},
  booktitle={Mathematical Proceedings of the Cambridge Philosophical Society},
  volume={44},
  number={4},
  pages={463--482},
  year={1948},
  organization={Cambridge University Press}
}

@inproceedings{koo2007structured,
  title={Structured prediction models via the matrix-tree theorem},
  author={Koo, Terry and Globerson, Amir and Carreras P{\'e}rez, Xavier and Collins, Michael},
  booktitle={Joint Conference on Empirical Methods in Natural Language Processing and Computational Natural Language Learning (EMNLP-CoNLL)},
  pages={141--150},
  year={2007}
}

@article{chu1965shortest,
  title={On the shortest arborescence of a directed graph},
  author={Chu, Yoeng-Jin},
  journal={Scientia Sinica},
  volume={14},
  pages={1396--1400},
  year={1965}
}

@article{edmonds1967optimum,
  title={Optimum branchings},
  author={Edmonds, Jack and others},
  journal={Journal of Research of the national Bureau of Standards B},
  volume={71},
  number={4},
  pages={233--240},
  year={1967}
}

@article{tarjan1977finding,
  title={Finding optimum branchings},
  author={Tarjan, Robert Endre},
  journal={Networks},
  volume={7},
  number={1},
  pages={25--35},
  year={1977},
  publisher={Wiley Online Library}
}

@article{church1932set,
  title={A set of postulates for the foundation of logic},
  author={Church, Alonzo},
  journal={Annals of mathematics},
  pages={346--366},
  year={1932},
  publisher={JSTOR}
}

@book{curry1958combinatory,
  title={Combinatory logic},
  author={Curry, Haskell Brooks and Feys, Robert and Craig, William and Hindley, J Roger and Seldin, Jonathan P},
  volume={1},
  year={1958},
  publisher={North-Holland Amsterdam}
}

@article{vaswani2017attention,
  title={Attention is all you need},
  author={Vaswani, Ashish and Shazeer, Noam and Parmar, Niki and Uszkoreit, Jakob and Jones, Llion and Gomez, Aidan N and Kaiser, {\L}ukasz and Polosukhin, Illia},
  journal={Advances in neural information processing systems},
  volume={30},
  year={2017}
}

@article{floyd1962algorithm,
  title={Algorithm 97: shortest path},
  author={Floyd, Robert W},
  journal={Communications of the ACM},
  volume={5},
  number={6},
  pages={345},
  year={1962},
  publisher={ACM New York, NY, USA}
}

@article{warshall1962theorem,
  title={A theorem on boolean matrices},
  author={Warshall, Stephen},
  journal={Journal of the ACM (JACM)},
  volume={9},
  number={1},
  pages={11--12},
  year={1962},
  publisher={ACM New York, NY, USA}
}

@article{aho1968indexed,
  title={Indexed grammarsâ€”an extension of context-free grammars},
  author={Aho, Alfred V},
  journal={Journal of the ACM (JACM)},
  volume={15},
  number={4},
  pages={647--671},
  year={1968},
  publisher={ACM New York, NY, USA}
}
