@article{sur2019modern,
    title={A modern maximum-likelihood theory for high-dimensional logistic regression},
    author={Sur, Pragya and Cand{\`e}s, Emmanuel J},
    journal={Proceedings of the National Academy of Sciences},
    volume={116},
    number={29},
    pages={14516--14525},
    year={2019},
    publisher={National Acad Sciences}
}
