@article{maddox2019simple,
  title={A simple baseline for bayesian uncertainty in deep learning},
  author={Maddox, Wesley J and Izmailov, Pavel and Garipov, Timur and Vetrov, Dmitry P and Wilson, Andrew Gordon},
  journal={Advances in neural information processing systems},
  volume={32},
  year={2019}
}
