@article{nesterov2012efficiency,
    title={Efficiency of coordinate descent methods on huge-scale optimization problems},
    author={Nesterov, Yu},
    journal={SIAM Journal on Optimization},
    volume={22},
    number={2},
    pages={341--362},
    year={2012},
    publisher={SIAM}
}

@inproceedings{nutini2015coordinate,
    title={Coordinate descent converges faster with the gauss-southwell rule than random selection},
    author={Nutini, Julie and Schmidt, Mark and Laradji, Issam and Friedlander, Michael and Koepke, Hoyt},
    booktitle={International Conference on Machine Learning},
    pages={1632--1641},
    year={2015},
    organization={PMLR}
}

@article{tibshirani1996regression,
    title={Regression shrinkage and selection via the lasso},
    author={Tibshirani, Robert},
    journal={Journal of the Royal Statistical Society Series B: Statistical Methodology},
    volume={58},
    number={1},
    pages={267--288},
    year={1996},
    publisher={Oxford University Press}
}
