@article{rosenblatt1958perceptron,
    title={The perceptron: a probabilistic model for information storage and organization in the brain.},
    author={Rosenblatt, Frank},
    journal={Psychological review},
    volume={65},
    number={6},
    pages={386},
    year={1958},
    publisher={American Psychological Association}
}

@article{hochreiter1997long,
    title={Long short-term memory},
    author={Hochreiter, Sepp and Schmidhuber, J{\"u}rgen},
    journal={Neural computation},
    volume={9},
    number={8},
    pages={1735--1780},
    year={1997},
    publisher={MIT press}
}
