@article{mcculloch1943logical,
    title={A logical calculus of the ideas immanent in nervous activity},
    author={McCulloch, Warren S and Pitts, Walter},
    journal={The bulletin of mathematical biophysics},
    volume={5},
    pages={115--133},
    year={1943},
    publisher={Springer}
}

@article{rosenblatt1958perceptron,
    title={The perceptron: a probabilistic model for information storage and organization in the brain.},
    author={Rosenblatt, Frank},
    journal={Psychological review},
    volume={65},
    number={6},
    pages={386},
    year={1958},
    publisher={American Psychological Association}
}

@article{rumelhart1986general,
    title={A general framework for parallel distributed processing},
    author={Rumelhart, David E and Hinton, Geoffrey E and McClelland, James L and others},
    journal={Parallel distributed processing: Explorations in the microstructure of cognition},
    volume={1},
    number={45-76},
    pages={26},
    year={1986},
    publisher={Cambridge, MA: MIT Press}
}

@article{cover1965geometrical,
    title={Geometrical and statistical properties of systems of linear inequalities with applications in pattern recognition},
    author={Cover, Thomas M},
    journal={IEEE transactions on electronic computers},
    number={3},
    pages={326--334},
    year={1965},
    publisher={IEEE}
}

@inproceedings{novikoff1962convergence,
    title={On convergence proofs on perceptrons},
    author={Novikoff, Albert BJ},
    booktitle={Proceedings of the Symposium on the Mathematical Theory of Automata},
    volume={12},
    number={1},
    pages={615--622},
    year={1962},
    organization={New York, NY}
}

@article{hopfield1982neural,
    title={Neural networks and physical systems with emergent collective computational abilities.},
    author={Hopfield, John J},
    journal={Proceedings of the national academy of sciences},
    volume={79},
    number={8},
    pages={2554--2558},
    year={1982},
    publisher={National Acad Sciences}
}

@article{krotov2016dense,
    title={Dense associative memory for pattern recognition},
    author={Krotov, Dmitry and Hopfield, John J},
    journal={Advances in neural information processing systems},
    volume={29},
    year={2016}
}

@article{demircigil2017model,
    title={On a model of associative memory with huge storage capacity},
    author={Demircigil, Mete and Heusel, Judith and L{\"o}we, Matthias and Upgang, Sven and Vermet, Franck},
    journal={Journal of Statistical Physics},
    volume={168},
    pages={288--299},
    year={2017},
    publisher={Springer}
}

@article{ramsauer2020hopfield,
    title={Hopfield networks is all you need},
    author={Ramsauer, Hubert and Sch{\"a}fl, Bernhard and Lehner, Johannes and Seidl, Philipp and Widrich, Michael and Adler, Thomas and Gruber, Lukas and Holzleitner, Markus and Pavlovi{\'c}, Milena and Sandve, Geir Kjetil and others},
    journal={arXiv preprint arXiv:2008.02217},
    year={2020}
}

@article{baldi1989neural,
    title={Neural networks and principal component analysis: Learning from examples without local minima},
    author={Baldi, Pierre and Hornik, Kurt},
    journal={Neural networks},
    volume={2},
    number={1},
    pages={53--58},
    year={1989},
    publisher={Elsevier}
}

@inproceedings{he2016deep,
    title={Deep residual learning for image recognition},
    author={He, Kaiming and Zhang, Xiangyu and Ren, Shaoqing and Sun, Jian},
    booktitle={Proceedings of the IEEE conference on computer vision and pattern recognition},
    pages={770--778},
    year={2016}
}

@inproceedings{zhu2017densenet,
    title={Densenet for dense flow},
    author={Zhu, Yi and Newsam, Shawn},
    booktitle={2017 IEEE international conference on image processing (ICIP)},
    pages={790--794},
    year={2017},
    organization={IEEE}
}

@article{leshno1993multilayer,
    title={Multilayer feedforward networks with a nonpolynomial activation function can approximate any function},
    author={Leshno, Moshe and Lin, Vladimir Ya and Pinkus, Allan and Schocken, Shimon},
    journal={Neural networks},
    volume={6},
    number={6},
    pages={861--867},
    year={1993},
    publisher={Elsevier}
}

@article{pinkus1999approximation,
    title={Approximation theory of the MLP model in neural networks},
    author={Pinkus, Allan},
    journal={Acta numerica},
    volume={8},
    pages={143--195},
    year={1999},
    publisher={Cambridge University Press}
}

@article{barron1993universal,
    title={Universal approximation bounds for superpositions of a sigmoidal function},
    author={Barron, Andrew R},
    journal={IEEE Transactions on Information theory},
    volume={39},
    number={3},
    pages={930--945},
    year={1993},
    publisher={IEEE}
}

@book{zaslavsky1975facing,
    title={Facing up to arrangements: Face-count formulas for partitions of space by hyperplanes: Face-count formulas for partitions of space by hyperplanes},
    author={Zaslavsky, Thomas},
    volume={154},
    year={1975},
    publisher={American Mathematical Soc.}
}

@article{montufar2014number,
    title={On the number of linear regions of deep neural networks},
    author={Montufar, Guido F and Pascanu, Razvan and Cho, Kyunghyun and Bengio, Yoshua},
    journal={Advances in neural information processing systems},
    volume={27},
    year={2014}
}

@article{shekhtman1982piecewise,
    title={Why piecewise linear functions are dense in cio, 1},
    author={Shekhtman, Boris},
    journal={Journal of Approximation Theory},
    volume={36},
    pages={265--267},
    year={1982}
}

@article{kingma2014adam,
    title={Adam: A method for stochastic optimization},
    author={Kingma, Diederik P},
    journal={arXiv preprint arXiv:1412.6980},
    year={2014}
}
